@BOOK{ESPD, 
    title = {ГОСТ 19.101-77. Виды программ и программных документов. Единая система программной документации},
    address = {М.},
    publisher = {ИПК Издательство стандартов},
    year = {2001},
    language = {russian},
}

@BOOK{GOST_19.301-79, 
    title = {ГОСТ 19.301-79 Программа и методика испытаний. Требования к содержанию и оформлению. Единая система программной документации},
    address = {М.},
    publisher = {ИПК Издательство стандартов},
    year = {2001},
    language = {russian},
}

@BOOK{GOST_19.401-78, 
    title = {ГОСТ 19.401-78 Текст программы. Требования к содержанию и оформлению. Единая система программной документации},
    address = {М.},
    publisher = {ИПК Издательство стандартов},
    year = {2001},
    language = {russian},
}

@BOOK{GOST_19.505-79, 
    title = {ГОСТ 19.505-79 Руководство оператора. Единая система программной документации},
    address = {М.},
    publisher = {ИПК Издательство стандартов},
    year = {2001},
    language = {russian},
}

@BOOK{GOST_19.201-78, 
    title = {ГОСТ 19.201-78 Техническое задание. Единая система программной документации},
    address = {М.},
    publisher = {ИПК Издательство стандартов},
    year = {2001},
    language = {russian},
}

@BOOK{GOST_19.106-78, 
    title = {ГОСТ 19.106-78 Требования к программным документам, выполненным печатным способом. Единая система программной документации},
    address = {М.},
    publisher = {ИПК Издательство стандартов},
    year = {2001},
    language = {russian},
}

@BOOK{GOST_19.102-77, 
    title = {ГОСТ 19.102-77 Стадии разработки. Единая система программной документации},
    address = {М.},
    publisher = {ИПК Издательство стандартов},
    year = {2001},
    language = {russian},
}

